<record><leader>00000cas a2200000 a 4500</leader><controlfield tag="001">7935664</controlfield><controlfield tag="008">811118c19539999ctudn ne      0   a0eng c</controlfield><datafield ind1=" " ind2=" " tag="010"><subfield code="a">sn 81002284 </subfield></datafield><datafield ind1=" " ind2=" " tag="040"><subfield code="a">NSD</subfield><subfield code="b">eng</subfield><subfield code="c">NSD</subfield><subfield code="d">CNW</subfield><subfield code="d">OCLCQ</subfield><subfield code="d">NYS</subfield><subfield code="d">CUS</subfield><subfield code="d">OCLCQ</subfield><subfield code="d">OCLCF</subfield><subfield code="d">FEM</subfield></datafield><datafield ind1=" " ind2=" " tag="012"><subfield code="m">1</subfield></datafield><datafield ind1="1" ind2=" " tag="022"><subfield code="a">0279-5213</subfield><subfield code="l">0279-5213</subfield><subfield code="2">1</subfield></datafield><datafield ind1="1" ind2=" " tag="029"><subfield code="a">AU@</subfield><subfield code="b">000020619251</subfield></datafield><datafield ind1="1" ind2=" " tag="029"><subfield code="a">AU@</subfield><subfield code="b">000044352362</subfield></datafield><datafield ind1=" " ind2=" " tag="032"><subfield code="a">229400</subfield><subfield code="b">USPS</subfield></datafield><datafield ind1=" " ind2=" " tag="042"><subfield code="a">nsdp</subfield><subfield code="a">pcc</subfield></datafield><datafield ind1=" " ind2=" " tag="043"><subfield code="a">n-us-ct</subfield></datafield><datafield ind1="1" ind2="4" tag="050"><subfield code="a">Newspaper</subfield></datafield><datafield ind1="0" ind2=" " tag="130"><subfield code="a">Greenwich time (Greenwich, Conn. : 1953)</subfield></datafield><datafield ind1=" " ind2="0" tag="222"><subfield code="a">Greenwich time</subfield></datafield><datafield ind1="1" ind2="0" tag="245"><subfield code="a">Greenwich time.</subfield></datafield><datafield ind1="3" ind2="0" tag="246"><subfield code="a">Sunday Greenwich time</subfield></datafield><datafield ind1=" " ind2=" " tag="260"><subfield code="a">Greenwich, Conn. :</subfield><subfield code="b">Greenwich Pub. Co.,</subfield><subfield code="c">1953-</subfield></datafield><datafield ind1=" " ind2=" " tag="300"><subfield code="a">v. :</subfield><subfield code="b">ill. ;</subfield><subfield code="c">84 cm.</subfield></datafield><datafield ind1=" " ind2=" " tag="310"><subfield code="a">Daily (except New Year's and Christmas),</subfield><subfield code="b">Sept. 13, 1981-</subfield></datafield><datafield ind1=" " ind2=" " tag="321"><subfield code="a">Daily (except Sat., Sun. and holidays),</subfield><subfield code="b">1953-Sept. 14, 1979</subfield></datafield><datafield ind1=" " ind2=" " tag="321"><subfield code="a">Daily (except Sun. and holidays),</subfield><subfield code="b">Sept. 15, 1979-Sept. 12, 1981</subfield></datafield><datafield ind1="0" ind2=" " tag="362"><subfield code="a">Vol. 16, no. 216 (Sept. 8, 1953)-</subfield></datafield><datafield ind1=" " ind2=" " tag="500"><subfield code="a">On Sundays published as: The Sunday Greenwich time, Sept. 13, 1981-</subfield></datafield><datafield ind1=" " ind2=" " tag="500"><subfield code="a">Published by Southern Connecticut Newspapers, Inc. &lt;2003&gt;</subfield></datafield><datafield ind1=" " ind2=" " tag="530"><subfield code="a">Available on microfilm from New England Micrographics, Marlboro, Mass.</subfield></datafield><datafield ind1=" " ind2=" " tag="588"><subfield code="a">Latest issue consulted: Vol. 66, no. 279 (Sept. 16, 2003).</subfield></datafield><datafield ind1=" " ind2="0" tag="651"><subfield code="a">Greenwich (Conn.)</subfield><subfield code="v">Newspapers.</subfield></datafield><datafield ind1=" " ind2="0" tag="651"><subfield code="a">Fairfield County (Conn.)</subfield><subfield code="v">Newspapers.</subfield></datafield><datafield ind1=" " ind2="7" tag="651"><subfield code="a">Connecticut</subfield><subfield code="z">Fairfield County.</subfield><subfield code="2">fast</subfield><subfield code="0">(OCoLC)fst01207658</subfield></datafield><datafield ind1=" " ind2="7" tag="651"><subfield code="a">Connecticut</subfield><subfield code="z">Greenwich.</subfield><subfield code="2">fast</subfield><subfield code="0">(OCoLC)fst01205431</subfield></datafield><datafield ind1=" " ind2="4" tag="651"><subfield code="a">Greenwich (Conn.)</subfield><subfield code="v">Newspapers.</subfield></datafield><datafield ind1=" " ind2="4" tag="651"><subfield code="a">Fairfield County (Conn.)</subfield><subfield code="v">Newspapers.</subfield></datafield><datafield ind1=" " ind2="7" tag="655"><subfield code="a">Newspapers.</subfield><subfield code="2">fast</subfield><subfield code="0">(OCoLC)fst01423814</subfield></datafield><datafield ind1=" " ind2=" " tag="752"><subfield code="a">United States</subfield><subfield code="b">Connecticut</subfield><subfield code="c">Fairfield</subfield><subfield code="d">Greenwich.</subfield></datafield><datafield ind1="0" ind2="8" tag="776"><subfield code="i">Online version:</subfield><subfield code="t">Greenwich time (Greenwich, Conn. : 1953 : Online)</subfield><subfield code="x">0279-5213</subfield><subfield code="w">(DLC)sn 81002284</subfield><subfield code="w">(OCoLC)232117538</subfield></datafield><datafield ind1="0" ind2="0" tag="780"><subfield code="t">Greenwich time and the Greenwich press</subfield><subfield code="w">(DLC)sn 82014614</subfield><subfield code="w">(OCoLC)8814596</subfield></datafield></record>